<collection xmlns="http://www.loc.gov/MARC21/slim">
<record>
  <leader>01880nam0a2200289 i 450 </leader>
  <controlfield tag="001">IT\ICCU\CNCE\017241</controlfield>
  <controlfield tag="005">20101214000000.0</controlfield>
  <datafield tag="012" ind1=" " ind2=" ">
    <subfield code="a">o,n- ro15 leuo ameg (3) 1589 (R)</subfield>
    <subfield code="2">fei</subfield>
  </datafield>
  <datafield tag="100" ind1=" " ind2=" ">
    <subfield code="a">19970101d1589        0itac0103    ba</subfield>
  </datafield>
  <datafield tag="101" ind1=" " ind2=" ">
    <subfield code="a">ITA</subfield>
  </datafield>
  <datafield tag="102" ind1=" " ind2=" ">
    <subfield code="a">IT</subfield>
  </datafield>
  <datafield tag="200" ind1="1" ind2=" ">
    <subfield code="a">Compendio historico del Vecchio, &amp; del Nuouo Testamento, cauato dalla sacra Bibbia, dal reuerendo m. Bartholomeo Dionigi da Fano. Nel quale si descriuono tutte le cose notabili, che successero nel popolo hebreo, dalla creatione del mondo, sino alla vltima destruttione di Ierusalem. Con la vita di Giesu Christo, saluator del mondo, e con la disseminatione dell&apos;euangelo, e della sua santa fede. Con due tauole, l&apos;vna de i capitoli, l&apos;altra delle cose notabili</subfield>
  </datafield>
  <datafield tag="210" ind1=" " ind2=" ">
    <subfield code="a">In Venetia</subfield>
    <subfield code="c">appresso li heredi di Valerio Bonelli</subfield>
    <subfield code="d">1589</subfield>
    <subfield code="e">In Venetia</subfield>
    <subfield code="g">appresso gli heredi di Valerio Bonelli</subfield>
    <subfield code="h">1589</subfield>
  </datafield>
  <datafield tag="215" ind1=" " ind2=" ">
    <subfield code="a">\24!, 216 c.</subfield>
    <subfield code="d">4ʻ</subfield>
  </datafield>
  <datafield tag="620" ind1=" " ind2=" ">
    <subfield code="a">IT</subfield>
    <subfield code="d">Venezia</subfield>
  </datafield>
  <datafield tag="700" ind1=" " ind2="1">
    <subfield code="a">Dionigi,</subfield>
    <subfield code="b">Bartolomeo</subfield>
    <subfield code="3">IT\ICCU\CNCA\000383</subfield>
  </datafield>
  <datafield tag="712" ind1="0" ind2="0">
    <subfield code="a">Bonelli, Valerio - eredi</subfield>
    <subfield code="3">IT\ICCU\CNCT\001830</subfield>
    <subfield code="4">650</subfield>
  </datafield>
  <datafield tag="801" ind1=" " ind2="3">
    <subfield code="a">IT</subfield>
    <subfield code="b">ICCU</subfield>
    <subfield code="c">20201114</subfield>
  </datafield>
  <datafield tag="899" ind1=" " ind2=" ">
    <subfield code="a">Biblioteca civica Romolo Spezioli. Fermo</subfield>
    <subfield code="1">AP0012</subfield>
    <subfield code="2">UMC FM</subfield>
  </datafield>
  <datafield tag="899" ind1=" " ind2=" ">
    <subfield code="a">Biblioteca Gaetano Sabatini di San Venditto. Pescocostanzo</subfield>
    <subfield code="1">AQ0088</subfield>
    <subfield code="2">ZAQ 21</subfield>
  </datafield>
  <datafield tag="899" ind1=" " ind2=" ">
    <subfield code="a">Biblioteca nazionale centrale. Firenze</subfield>
    <subfield code="1">FI0098</subfield>
    <subfield code="2">CFI CF</subfield>
  </datafield>
  <datafield tag="899" ind1=" " ind2=" ">
    <subfield code="a">Biblioteca dei Domenicani di S. Maria di Castello. Genova</subfield>
    <subfield code="1">GE0030</subfield>
    <subfield code="2">ZGE 03</subfield>
  </datafield>
  <datafield tag="899" ind1=" " ind2=" ">
    <subfield code="a">Biblioteca comunale Francesco Melosio. Citt ̉della Pieve</subfield>
    <subfield code="1">PG0031</subfield>
    <subfield code="2">UM1 14</subfield>
  </datafield>
  <datafield tag="899" ind1=" " ind2=" ">
    <subfield code="a">Biblioteca comunale Augusta. Perugia</subfield>
    <subfield code="1">PG0109</subfield>
    <subfield code="2">UM1 01</subfield>
  </datafield>
  <datafield tag="899" ind1=" " ind2=" ">
    <subfield code="a">Biblioteca Diocesana Vigilianum. Trento</subfield>
    <subfield code="1">TN0132</subfield>
    <subfield code="2">ZTN 10</subfield>
  </datafield>
  <datafield tag="911" ind1=" " ind2=" ">
    <subfield code="a">Sul front.</subfield>
    <subfield code="9">IT\ICCU\CNCM\000358</subfield>
  </datafield>
  <datafield tag="921" ind1=" " ind2=" ">
    <subfield code="a">IT\ICCU\CNCM\000358</subfield>
    <subfield code="b">Minerva con elmo, lancia e scudo cavalca un leone. In cornice figurata.</subfield>
    <subfield code="e">Virtuti omnia parent</subfield>
    <subfield code="c">V292</subfield>
    <subfield code="c">Z844</subfield>
    <subfield code="c">Z846</subfield>
    <subfield code="d">Dimensioni: 5 x 5,7. Con o senza motto</subfield>
    <subfield code="f">LEONE</subfield>
    <subfield code="f">MINERVA</subfield>
    <subfield code="g">1551-1598</subfield>
  </datafield>
</record>
</collection>
